% comparison and benchmarking

@article{Kozhirbayev2017APC,
  title={A performance comparison of container-based technologies for the Cloud},
  author={Zhanibek Kozhirbayev and Richard O. Sinnott},
  journal={Future Generation Comp. Syst.},
  year={2017},
  volume={68},
  pages={175-182}
}

@INPROCEEDINGS{5708625,
author={J. Che and C. Shi and Y. Yu and W. Lin},
booktitle={2010 IEEE Asia-Pacific Services Computing Conference},
title={A Synthetical Performance Evaluation of OpenVZ, Xen and KVM},
year={2010},
volume={},
number={},
pages={587-594},
keywords={operating systems (computers);virtual machines;KVM;OpenVZ;VMM;Xen;container-based virtualization;full-virtualization;open source virtual machine monitor;para-virtualization;Bandwidth;Kernel;Linux;Random access memory;Virtual machine monitors;Virtual machining;evaluation;performance;virtual machine;virtual machine monitor;virtualization},
doi={10.1109/APSCC.2010.83},
ISSN={},
month={Dec}}

% containerisation

@inproceedings{Scheepers2014VirtualizationAC,
  title={Virtualization and Containerization of Application Infrastructure: A Comparison},
  author={Mathijs Jeroen Scheepers},
  year={2014}
}

@article{Merkel:2014:DLL:2600239.2600241,
 author = {Merkel, Dirk},
 title = {Docker: Lightweight Linux Containers for Consistent Development and Deployment},
 journal = {Linux J.},
 issue_date = {March 2014},
 volume = {2014},
 number = {239},
 month = mar,
 year = {2014},
 issn = {1075-3583},
 articleno = {2},
 acmid = {2600241},
 publisher = {Belltown Media},
 address = {Houston, TX}
} 
% url = {http://dl.acm.org.ezp.lib.unimelb.edu.au/citation.cfm?id=2600239.2600241},

% cloud computing

@article{Armbrust:2010:VCC:1721654.1721672,
 author = {Armbrust, Michael and Fox, Armando and Griffith, Rean and Joseph, Anthony D. and Katz, Randy and Konwinski, Andy and Lee, Gunho and Patterson, David and Rabkin, Ariel and Stoica, Ion and Zaharia, Matei},
 title = {A View of Cloud Computing},
 journal = {Commun. ACM},
 issue_date = {April 2010},
 volume = {53},
 number = {4},
 month = apr,
 year = {2010},
 issn = {0001-0782},
 pages = {50--58},
 numpages = {9},
 doi = {10.1145/1721654.1721672},
 acmid = {1721672},
 publisher = {ACM},
 address = {New York, NY, USA}
} 
% url = {http://doi.acm.org.ezp.lib.unimelb.edu.au/10.1145/1721654.1721672},

% distributed computing

@book{Coulouris:2011:DSC:2029110,
 author = {Coulouris, George and Dollimore, Jean and Kindberg, Tim and Blair, Gordon},
 title = {Distributed Systems: Concepts and Design},
 year = {2011},
 isbn = {0132143011, 9780132143011},
 edition = {5th},
 publisher = {Addison-Wesley Publishing Company},
 address = {USA}
} 

% autonomic computing

@ARTICLE{1160055,
author={J. O. Kephart and D. M. Chess},
journal={Computer},
title={The vision of autonomic computing},
year={2003},
volume={36},
number={1},
pages={41-50},
keywords={DP industry;autonomic computing;corporate-wide computing systems;self-managing computing systems;software complexity crisis;Biology computing;Computer industry;Computer vision;Crisis management;Environmental management;Humans;Internet;LAN interconnection;Pervasive computing;Technological innovation},
doi={10.1109/MC.2003.1160055},
ISSN={0018-9162},
month={Jan},}

@article{Huebscher:2008:SAC:1380584.1380585,
 author = {Huebscher, Markus C. and McCann, Julie A.},
 title = {A Survey of Autonomic Computing\&Mdash;Degrees, Models, and Applications},
 journal = {ACM Comput. Surv.},
 issue_date = {August 2008},
 volume = {40},
 number = {3},
 month = aug,
 year = {2008},
 issn = {0360-0300},
 pages = {7:1--7:28},
 articleno = {7},
 numpages = {28},
 url = {http://doi.acm.org.ezp.lib.unimelb.edu.au/10.1145/1380584.1380585},
 doi = {10.1145/1380584.1380585},
 acmid = {1380585},
 publisher = {ACM},
 address = {New York, NY, USA},
 keywords = {Autonomic computing, self-adaptive, self-healing systems}
} 

% auto-scaling

@article{Chenhao,
  author    = {Chenhao Qu and
               Rodrigo N. Calheiros and
               Rajkumar Buyya},
  title     = {Auto-scaling Web Applications in Clouds: {A} Taxonomy and Survey},
  journal   = {CoRR},
  volume    = {abs/1609.09224},
  year      = {2016},
  archivePrefix = {arXiv},
  eprint    = {1609.09224},
  timestamp = {Wed, 07 Jun 2017 14:42:09 +0200},
  biburl    = {https://dblp.org/rec/bib/journals/corr/QuCB16},
  bibsource = {dblp computer science bibliography, https://dblp.org}
}
% url       = {http://arxiv.org/abs/1609.09224},

@inproceedings{Arabnejad,
 author = {Arabnejad, Hamid and Pahl, Claus and Jamshidi, Pooyan and Estrada, Giovani},
 title = {A Comparison of Reinforcement Learning Techniques for Fuzzy Cloud Auto-Scaling},
 booktitle = {Proceedings of the 17th IEEE/ACM International Symposium on Cluster, Cloud and Grid Computing},
 series = {CCGrid '17},
 year = {2017},
 isbn = {978-1-5090-6610-0},
 location = {Madrid, Spain},
 pages = {64--73},
 numpages = {10},
 doi = {10.1109/CCGRID.2017.15},
 acmid = {3101121},
 publisher = {IEEE Press},
 address = {Piscataway, NJ, USA},
 keywords = {Cloud Computing, Controller, Fuzzy Logic, OpenStack, Orchestration, Q-Learning, SARSA}
} 
% url = {https://doi-org.ezp.lib.unimelb.edu.au/10.1109/CCGRID.2017.15},


@article{LoridoBotran,
 author = {Lorido-Botran, Tania and Miguel-Alonso, Jose and Lozano, Jose A.},
 title = {A Review of Auto-scaling Techniques for Elastic Applications in Cloud Environments},
 journal = {J. Grid Comput.},
 issue_date = {December  2014},
 volume = {12},
 number = {4},
 month = dec,
 year = {2014},
 issn = {1570-7873},
 pages = {559--592},
 numpages = {34},
 doi = {10.1007/s10723-014-9314-7},
 acmid = {2693559},
 publisher = {Springer-Verlag New York, Inc.},
 address = {Secaucus, NJ, USA},
 keywords = {Auto-scaling, Cloud computing, Scalable applications, Service level agreement},
}
%  url = {http://dx.doi.org.ezp.lib.unimelb.edu.au/10.1007/s10723-014-9314-7},


% BoT

@article{Thai,
  author    = {Long Thai and
               Blesson Varghese and
               Adam Barker},
  title     = {A Survey and Taxonomy of Resource Optimisation for Executing Bag-of-Task
               Applications on Public Clouds},
  journal   = {CoRR},
  volume    = {abs/1711.08973},
  year      = {2017},
  url       = {http://arxiv.org/abs/1711.08973},
  archivePrefix = {arXiv},
  eprint    = {1711.08973},
  timestamp = {Sun, 03 Dec 2017 12:38:15 +0100},
  biburl    = {https://dblp.org/rec/bib/journals/corr/abs-1711-08973},
  bibsource = {dblp computer science bibliography, https://dblp.org}
}


% DevOps

@book{httermann2012devops,
  title={DevOps for Developers},
  author={Httermann, M.},
  isbn={9781430245704},
  lccn={2012472223},
  series={Expert's voice in Web development},
  url={https://books.google.com.au/books?id=JfUAkB8AA7EC},
  year={2012},
  publisher={Apress}
}


% ATHENA

@INPROCEEDINGS{HATC,
author={V. Nguyen and M. Shokr and A. Novak and T. Caelli},
booktitle={Proceedings of the 2016 ISMOR Conference},
title={A Reconfigurable Agent-Based Discrete Event Simulator for Helicopter Aircrew Training},
year={2016},}

@INPROCEEDINGS{8248116,
author={V. Nguyen and A. Novak and M. Shokr and K. Pash},
booktitle={2017 Winter Simulation Conference (WSC)},
title={Aircrew manpower supply modeling under change: An agent-based discrete event simulation approach},
year={2017},
volume={},
number={},
pages={4070-4081},
keywords={discrete event simulation;human resource management;labour resources;military computing;multi-agent systems;strategic planning;AB constraints;ADF;Australian Defence Force;DES;agent policies;agent-based constraints;aircrew manpower supply;aircrew training pipeline simulation;authentic representation;current hybrid modelling paradigm;discrete event simulation approach;discrete event simulation methodology;dynamic simulation system;interactive simulation system;simulation architecture;strategic manpower planning;Object oriented modeling;Runtime},
doi={10.1109/WSC.2017.8248116},
ISSN={},
month={Dec},}

@techreport{athenaAllDoc,
  title={ATHENA v1.0 Technical Documentation, User Guide, Administration Guide, Deployment Guide},
  author={ATHENA Developers},
  year={June 2018},
  institution={Melbourne eResearch Group, University of Melbourne}
}

@techreport{athenaTechDoc,
  title={ATHENA Technical Documentation v1.0},
  author={ATHENA Developers},
  year={June 2018},
  institution={Melbourne eResearch Group, University of Melbourne}
}

@techreport{athenaUserDoc,
  title={ATHENA User Guide v1.0},
  author={ATHENA Developers},
  year={June 2018},
  institution={Melbourne eResearch Group, University of Melbourne}
}

@techreport{athenaAdminDoc,
  title={ATHENA Administration Guide  v1.0},
  author={ATHENA Developers},
  year={June 2018},
  institution={Melbourne eResearch Group, University of Melbourne}
}

@techreport{athenaDeployDoc,
  title={ATHENA Deployment Guide v1.0},
  author={ATHENA Developers},
  year={June 2018},
  institution={Melbourne eResearch Group, University of Melbourne}
}

% examples

@article{ToosiSB18,
  author    = {Adel Nadjaran Toosi and
               Richard O. Sinnott and
               Rajkumar Buyya},
  title     = {Resource provisioning for data-intensive applications with deadline
               constraints on hybrid clouds using Aneka},
  journal   = {Future Generation Comp. Syst.},
  volume    = {79},
  pages     = {765--775},
  year      = {2018},
  doi       = {10.1016/j.future.2017.05.042},
  timestamp = {Tue, 28 Nov 2017 16:10:54 +0100},
  biburl    = {https://dblp.org/rec/bib/journals/fgcs/ToosiSB18},
  bibsource = {dblp computer science bibliography, https://dblp.org}
}
%   url       = {https://doi.org/10.1016/j.future.2017.05.042},

@article{Sinnott:2016:SCS:3008079.3008128,
 author = {Sinnott, R. O. and Voorsluys, W.},
 title = {A Scalable Cloud-based System for Data-intensive Spatial Analysis},
 journal = {Int. J. Softw. Tools Technol. Transf.},
 issue_date = {November  2016},
 volume = {18},
 number = {6},
 month = nov,
 year = {2016},
 issn = {1433-2779},
 pages = {587--605},
 numpages = {19},
 doi = {10.1007/s10009-015-0398-6},
 acmid = {3008128},
 publisher = {Springer-Verlag},
 address = {Berlin, Heidelberg},
 keywords = {Cloud computing, Geospatial systems, Spatial analysis, Urban research, e-Infrastructure}
} 
%  url = {http://dx.doi.org.ezp.lib.unimelb.edu.au/10.1007/s10009-015-0398-6},

@techreport{swarmKubeBench,
  title={Comparison and Benchmarking of Cloud-based Container Orchestration Technologies},
  author={Yao Pan and Min-ying Chen},
  year={Nov 2017},
  institution={Melbourne eResearch Group, University of Melbourne}
}

@article{swarmKubeBench2,
  title={A Performance Comparison of Cloud-based Container Orchestration Tools},
  author={Yao Pan 
  		and Min-ying Chen 
  		and Richard O. Sinnott 
  		and Francisco Brasileiro},
  year={December 2017},
  journal = {submitted to Journal of Concurrency and Computation: Practice and Experience},
}


% kube

@techreport{kubeDoc,
  title={Kubernetes Documentation},
  author={Kubernetes Developers},
  url={https://kubernetes.io/docs/},
  note={v1.10, access June 2018}
}

@article{Burns:2016:BOK:2898442.2898444,
 author = {Burns, Brendan and Grant, Brian and Oppenheimer, David and Brewer, Eric and Wilkes, John},
 title = {Borg, Omega, and Kubernetes},
 journal = {Queue},
 issue_date = {January-February 2016},
 volume = {14},
 number = {1},
 month = jan,
 year = {2016},
 issn = {1542-7730},
 pages = {10:70--10:93},
 articleno = {10},
 numpages = {24},
 url = {http://doi.acm.org.ezp.lib.unimelb.edu.au/10.1145/2898442.2898444},
 doi = {10.1145/2898442.2898444},
 acmid = {2898444},
 publisher = {ACM},
 address = {New York, NY, USA}
} 

@article{44843,
title	= {Borg, Omega, and   Kubernetes},
author	= {Brendan Burns and Brian Grant and David Oppenheimer and Eric Brewer and John Wilkes},
year	= {2016},
URL	= {http://queue.acm.org/detail.cfm?id=2898444},
journal	= {ACM Queue},
pages	= {70--93},
volume	= {14}
}

@inproceedings{43438,
title	= {Large-scale cluster management at {Google} with {Borg}},
author	= {Abhishek Verma and Luis Pedrosa and Madhukar R. Korupolu and David Oppenheimer and Eric Tune and John Wilkes},
year	= {2015},
booktitle	= {Proceedings of the European Conference on Computer Systems (EuroSys)},
address	= {Bordeaux, France}
}

@book{Hightower:2017:KUR:3175917,
 author = {Hightower, Kelsey and Burns, Brendan and Beda, Joe},
 title = {Kubernetes: Up and Running Dive into the Future of Infrastructure},
 year = {2017},
 isbn = {1491935677, 9781491935675},
 edition = {1st},
 publisher = {O'Reilly Media, Inc.},
} 
